@misc {herukogithub,
	title  = "Creating apps with the Internet of Things starter application",
	howpublished    = "\url{https://www.ng.bluemix.net/docs/#starters/IoT/iot500.html#iot500}"
}
